@Article{陈秉岩，王怡，薛波静，康艳萍，茆黎琼2006,
  author  = {陈秉岩，王怡，薛波静，康艳萍，茆黎琼},
  journal = {河海大学常州分校学报},
  title   = {麦克斯韦速率分布律的推导方式探讨},
  year    = {2006},
  pages   = {15-17,21},
  issue   = {第2期},
}

@Article{傅洪波，丁有得2017,
  author  = {傅洪波，丁有得},
  journal = {数理医药学杂志},
  title   = {基于速度投影的麦克斯韦速率分布律的推导},
  year    = {2017},
  pages   = {1686-1687},
  issue   = {第11期},
}

@Article{陆兴中，李平2002,
  author  = {陆兴中，李平},
  journal = {南京工程学院学报},
  title   = {小孔泄流速率分布函数及其特征速率},
  year    = {2002},
  pages   = {26-28},
  issue   = {第3期},
}

@Article{杨俊林，王建华，魏跃新2020,
  author  = {杨俊林，王建华，魏跃新},
  journal = {大众标准化},
  title   = {麦克斯韦速率分布的Matlab 拟合},
  year    = {2020},
  pages   = {126-127},
  issue   = {第24期},
}

@Comment{jabref-meta: databaseType:bibtex;}
